<record><leader>00000cas a22000007a 4500</leader><controlfield tag="001">15073533</controlfield><controlfield tag="008">870115d194419uutxuer ne     o0    0eng d</controlfield><datafield ind1=" " ind2=" " tag="010"><subfield code="a">sn 86090581 </subfield></datafield><datafield ind1=" " ind2=" " tag="040"><subfield code="a">PPM</subfield><subfield code="b">eng</subfield><subfield code="c">PPM</subfield><subfield code="d">OCL</subfield><subfield code="d">OCLCQ</subfield></datafield><datafield ind1=" " ind2=" " tag="042"><subfield code="a">msc</subfield></datafield><datafield ind1="0" ind2=" " tag="130"><subfield code="a">Blizzard (Camp Swift, Tex. : 1944)</subfield></datafield><datafield ind1="1" ind2="0" tag="245"><subfield code="a">Blizzard.</subfield></datafield><datafield ind1=" " ind2=" " tag="260"><subfield code="a">Camp Swift, Tex. :</subfield><subfield code="b">Public Relations Office, 10th Infantry Division</subfield></datafield><datafield ind1=" " ind2=" " tag="310"><subfield code="a">Biweekly</subfield></datafield><datafield ind1="1" ind2=" " tag="362"><subfield code="a">Began in 1944?</subfield></datafield><datafield ind1=" " ind2=" " tag="530"><subfield code="a">Also on microfilm: Austin, Texas: The University of Texas, Center for American History.</subfield></datafield><datafield ind1=" " ind2=" " tag="588"><subfield code="a">Description based on: Vol. 1, no. 8 (Oct. 28, 1944).</subfield></datafield><datafield ind1=" " ind2=" " tag="752"><subfield code="a">United States</subfield><subfield code="b">Texas</subfield><subfield code="c">Bastrop</subfield><subfield code="d">Bastrop.</subfield></datafield><datafield ind1=" " ind2=" " tag="752"><subfield code="a">United States</subfield><subfield code="b">Texas</subfield><subfield code="c">Bastrop</subfield><subfield code="d">Camp Swift.</subfield></datafield><datafield ind1="0" ind2="0" tag="780"><subfield code="t">Ski zette: Texas edition</subfield><subfield code="w">(DLC)sn 86090580</subfield></datafield></record>